@book{Shames2003,
abstract = {4th ed.},
author = {Shames, Irving Herman},
isbn = {007119889X},
publisher = {McGraw-Hill},
title = {{Mechanics of fluids}},
year = {2003}
}
@book{Cengel2014,
author = {\c{C}engel, Yunus A. and Cimbala, John M.},
edition = {Third Edit},
publisher = {McGraw-Hill},
title = {{Fluid Mechanics}},
year = {2014}
}
@book{Batchelor1997,
abstract = {TiÃÅtulo original: An introduction to fluid dynamics.},
author = {Batchelor, G. K.},
isbn = {8483200155},
publisher = {Ministerio de Medio Ambiente, Direcci{\'{o}}n General del Instituto Nacional de Meteorolog{\'{i}}a},
title = {{Introducci{\'{o}}n a la din{\'{a}}mica de fluidos}},
year = {1997}
}
@book{White2008,
abstract = {6a. ed.},
author = {White, Frank M.},
isbn = {8448166035},
publisher = {McGraw-Hill},
title = {{Mec{\'{a}}nica de fluidos}},
year = {2008}
}
@book{Kundu2012,
abstract = {5th ed. Suitable for both a first or second course in fluid mechanics at the graduate or advanced undergraduate level, this book presents the study of how fluids behave and interact under various forces and in various applied situations - whether in the liquid or gaseous state or both.},
author = {Kundu, Pijush K. and Cohen, Ira M. and Dowling, David R.},
isbn = {9780123821003},
pages = {891},
publisher = {Academic Press},
title = {{Fluid mechanics}},
year = {2012}
}
@book{Liggett1994,
abstract = {1. The Basic Equations of Fluid Mechanics -- 2. Similitude and Modeling -- 3. Potential Flow (Fundamentals) -- 4. Potential Flow (Free Surfaces) -- 5. Inertialess Flow -- 6. Laminar Flow -- 7. Turbulent Flow -- 8. Shallow Water Flow -- 9. Circulation -- 10. Waves -- 11. Transport -- Appendix A. Cartesian Tensors -- A Fluid Mechanics Bibliography.},
address = {New York [etc.] :},
author = {Liggett, James A.},
isbn = {0070378053},
mendeley-groups = {TeachingMF},
pages = {495},
publisher = {McGraw-Hill},
title = {{Fluid mechanics}},
year = {1994}
}
@book{CrespoMartinez2006,
address = {Madrid :},
author = {{Crespo Mart\'inez}, Antonio},
isbn = {8497322924},
mendeley-groups = {TeachingMF},
pages = {XIX, 728 },
publisher = {Thomson},
title = {{Mec\'anica de fluidos}},
year = {2006}
}

@Book{Virto1,
	author              = { Virto, L. },
	title               = { Mec{\`a}nica de Fluids. Fonaments I },
	year                = 1993,
	publisher           = { Edicions UPC, Barcelona }
}

@Book{Virto2,
	author              = { Virto, L. },
	title               = { Mec{\`a}nica de Fluids. Fonaments II },
	year                = 1993,
	publisher           = { Edicions UPC, Barcelona }
}

@book{Munson,
	title={Fluid mechanics},
	author={Munson, Bruce Roy and Okiishi, Theodore Hisao and Huebsch, Wade W and Rothmayer, Alric P},
	year={2013},
	publisher={Wiley Singapore}
}